<?xml version="1.0" encoding="UTF-8"?><collection xmlns="http://www.loc.gov/MARC21/slim"><record><leader>00486nam--2200181-i-4500</leader><controlfield tag="001">000020521</controlfield><controlfield tag="002">20161230</controlfield><controlfield tag="005">20170111230628</controlfield><controlfield tag="008">060222s1000------------r-----000-0-eng-d</controlfield><datafield ind1=" " ind2=" " tag="020"><subfield code="a">0-7503-0</subfield></datafield><datafield ind1=" " ind2=" " tag="080"><subfield code="a">539.1.074.2</subfield></datafield><datafield ind1=" " ind2=" " tag="100"><subfield code="a">Grinev, B. V</subfield></datafield><datafield ind1=" " ind2=" " tag="245"><subfield code="a">Stintilliationnye detektory ioniziruiuschih izlucenii dlia jectkihuslovii ekpluatatii</subfield></datafield><datafield ind1=" " ind2=" " tag="260"><subfield code="a">Harkov</subfield><subfield code="b">Osnova</subfield><subfield code="c">1993</subfield></datafield><datafield ind1=" " ind2=" " tag="300"><subfield code="a">156 p</subfield></datafield><datafield ind1=" " ind2=" " tag="700"><subfield code="a">Seminojenko, V. P</subfield></datafield><datafield ind1=" " ind2=" " tag="852"><subfield code="a">80422</subfield></datafield><datafield ind1=" " ind2=" " tag="CAT"><subfield code="a">SYS</subfield><subfield code="c">20170111</subfield><subfield code="h">230628</subfield></datafield></record></collection>